<record><leader>00000cas a22000007a 4500</leader><controlfield tag="001">17022921</controlfield><controlfield tag="008">871124d18871916iauwr ne      0    0eng d</controlfield><datafield ind1=" " ind2=" " tag="010"><subfield code="a">sn 87058640 </subfield></datafield><datafield ind1=" " ind2=" " tag="040"><subfield code="a">INP</subfield><subfield code="b">eng</subfield><subfield code="c">INP</subfield><subfield code="d">OCLCQ</subfield></datafield><datafield ind1=" " ind2=" " tag="042"><subfield code="a">msc</subfield></datafield><datafield ind1="0" ind2=" " tag="130"><subfield code="a">Chronicle (Odebolt, Iowa : 1887)</subfield></datafield><datafield ind1="1" ind2="4" tag="245"><subfield code="a">The chronicle.</subfield></datafield><datafield ind1="1" ind2="3" tag="246"><subfield code="a">Odebolt chronicle</subfield></datafield><datafield ind1=" " ind2=" " tag="260"><subfield code="a">Odebolt, Iowa :</subfield><subfield code="b">W.E. Hamilton,</subfield><subfield code="c">-1916.</subfield></datafield><datafield ind1=" " ind2=" " tag="300"><subfield code="a">v.</subfield></datafield><datafield ind1=" " ind2=" " tag="310"><subfield code="a">Weekly</subfield></datafield><datafield ind1="1" ind2=" " tag="362"><subfield code="a">Began May 27, 1887.</subfield></datafield><datafield ind1="0" ind2=" " tag="362"><subfield code="a">-v. 29, no. 45 (Mar. 2, 1916).</subfield></datafield><datafield ind1=" " ind2=" " tag="500"><subfield code="a">Publisher varies.</subfield></datafield><datafield ind1=" " ind2=" " tag="588"><subfield code="a">Description based on: Vol. 1, no. 2 (June 3, 1887).</subfield></datafield><datafield ind1=" " ind2=" " tag="752"><subfield code="a">United States</subfield><subfield code="b">Iowa</subfield><subfield code="c">Sac</subfield><subfield code="d">Odebolt.</subfield></datafield><datafield ind1="0" ind2="5" tag="780"><subfield code="t">Odebolt record</subfield><subfield code="w">(DLC)sn 87058636</subfield></datafield><datafield ind1="0" ind2="0" tag="785"><subfield code="t">Odebolt chronicle</subfield><subfield code="w">(DLC)sn 87058641</subfield></datafield></record>